@book{hyperref,
    author={Overleaf},
    year={2021},
    title={Hyperlinks - Overlife, Online LaTeX Editor},
    publisher={https://www.overleaf.com/learn/latex/Hyperlinks}}